@Book{Lam92,
author = {Lamport, L.},
title = {LaTeX system przygotowywania dokumentów},
publisher = {Wydawnictwo Ariel},
year = {1992},
address = {Kraków},
keywords = {bibl},
langid = {polish}
}

@book{OKa13,
  title = {A Gentle Introduction to ROS},
  author = {Jason M. O'Kane},
  publisher = {Independently published},
  month = oct,
  year = {2013},
  isbn = {978-1492143239},
  keywords = {bibl}
}


@unpublished{AW01,
title = {Budowa oraz oprogramowanie ramienia robota},
author = {Adrian Winkler},
organization = {Akademia Górniczo-Hutnicza im. Stanisława Staszica w Krakowie},
year = {Projekt dyplomowy, 2022},
keywords = {bibl}
}

@Article{BuDo03,
author = {Burns, A. and Dobbing, B.},
title = {The {R}avenscar {P}rofile for Real--Time and High Integrity Systems},
journal = {Cross{T}alk},
year = {2003},
volume = {16},
number = {11},
pages = {9--12},
keywords = {bibl}
}



@InProceedings{PeDa04,
author = {Peleska, J. and Große, D. and Haxthausen, A. E. and Drechsler, R.},
title = {Automated Verification for Train Control Systems},
booktitle = {Proc. of the 5th Symposium on Formal Methods for Automation and Safety in Railway and Automotive Systems (FORMS/FORMAT 2004)},
year = {2004},
pages = {252--265},
address = {Braunschweig, Germany},
month = {December},
keywords = {bibl}
}

@TechReport{BuDoVa03,
author = {Burns, A. and Dobbing, B. and Vardanega, T.},
title = {Guide for the Use of the Ada Ravenscar Profile in High Integrity Systems},
institution = {University of York},
year = {2003},
number = {YCS-2003-348},
keywords = {bibl}
}



@manual{ESP_doc,
	organization = {},
	year = {2023},
	title = {{ESP8266EX Datasheet}},
	note = {\\\texttt{https://www.espressif.com/sites/default/files/documentation/}\\\texttt{0a-esp8266ex\_datasheet\_en.pdf}},
	author = {Espressif Systems},

	langid = {english},
 keywords = {bibl}
}


@manual{RPI_par,
	organization = {Raspberry Pi (Trading) Ltd.},
	year = {Czerwiec 2019},
	title = {{Raspberry Pi 4 Model B, Datasheet}},
	note = {\\\texttt{https://datasheets.raspberrypi.com/rpi4/raspberry-pi-4-datasheet.pdf}},
	author = {},
	langid = {english},
 keywords = {bibl}
}



@online{ESP_param,
    title = {NodeMCU ESP8266 parameters},  
    url = {https://components101.com/development-boards/nodemcu-esp8266-pinout-features-and-datasheet},   
    urldate      = {Use the date of access},
    keywords = {bibl}
}

@online{ESP_prog,
    title = {ESP8266 Programming Guide},  
    url = {https://docs.espressif.com/projects/esp8266-rtos-sdk/en/latest/get-started/index.html},   
    urldate      = {Use the date of access},
    keywords = {bibl}
}

@online{ROSDoc,
    title = {ROS Documentation},  
    url = {https://wiki.ros.org/noetic},   
    urldate      = {Use the date of access},
    keywords = {bibl}
}



@online{MoveitDoc,
    title = {MoveIt Documentation},  
    url = {https://ros-planning.github.io/moveit_tutorials/},   
    urldate      = {Use the date of access},
    keywords = {bibl}
}

@online{Moveit,
    title = {Moveit project side},  
    url = {https://moveit.ros.org},   
    urldate      = {Use the date of access},
    keywords = {bibl}
}


@online{OMPL,
    title = {OMPL website},  
    url = {https://ompl.kavrakilab.org},   
    urldate      = {Use the date of access},
    keywords = {bibl}
}

@online{CHOMP,
    title = {CHOMP documentation for MoveIt in ROS Kinetic},  
    url = {http://docs.ros.org/en/kinetic/api/moveit_tutorials/html/doc/chomp_planner/chomp_planner_tutorial.html},   
    urldate      = {Use the date of access},
    keywords = {bibl}
}

@online{Rviz,
    title = {Rviz documentation},  
    url = {http://wiki.ros.org/rviz},   
    urldate      = {Use the date of access},
    keywords = {bibl}
}

@online{Rviz_rep,
    title = {Rviz repozytory},  
    url = {https://github.com/ros-visualization/rviz},   
    urldate      = {Use the date of access},
    keywords = {bibl}
}



@online{Gazebo,
    title = {Gazebo tutorial},  
    url = {http://classic.gazebosim.org/tutorials},   
    urldate      = {Use the date of access},
    keywords = {bibl}
}



@online{Linux,
    title = {Linux dystrybucje},  
    url = {https://www.linux.org/pages/download/},   
    urldate      = {Use the date of access},
    keywords = {bibl}
}


@online{Nodes,
    title = {Nodes documentation},  
    url = {http://wiki.ros.org/Nodes},   
    urldate      = {Use the date of access},
    keywords = {bibl}
}

@online{Topics,
    title = {Topics documentation},  
    url = {http://wiki.ros.org/Topics},   
    urldate      = {24.03.23 r.},
    keywords = {bibl}
}

@online{Services,
    title = {Services documentation},  
    url = {http://wiki.ros.org/Services},   
    urldate      = {24.03.23 r.},
    keywords = {bibl}
}

@online{Msgs,
    title = {Messages documentation},  
    url = {http://wiki.ros.org/Messages},   
    urldate      = {24.03.23 r.},
    keywords = {bibl}
}

@online{OMPL_Mov,
    title = {OMPL use in MoveIt},  
    url = {https://ompl.kavrakilab.org/integration.html},   
    urldate      = {24.03.23 r.},
    keywords = {bibl}
}


@online{Planners,
    title = {MoveIt planners documentation},  
    url = {https://moveit.ros.org/documentation/planners/},   
    urldate      = {24.03.23 r.},
    keywords = {bibl}
}

@Inbook{Gasparetto2015,
author="Gasparetto, Alessandro
and Boscariol, Paolo
and Lanzutti, Albano
and Vidoni, Renato",
editor="Carbone, Giuseppe
and Gomez-Bravo, Fernando",
title="Path Planning and Trajectory Planning Algorithms: A General Overview",
bookTitle="Motion and Operation Planning of Robotic Systems: Background and Practical Approaches",
year="2015",
publisher="Springer International Publishing",
address="Cham",
pages="3--27",
isbn="978-3-319-14705-5",
doi="10.1007/978-3-319-14705-5_1",
url="https://doi.org/10.1007/978-3-319-14705-5_1",
keywords = {bibl}
}


@Article{Gasparetto2012,
author={Gasparetto, Alessandro
and Boscariol, Paolo
and Lanzutti, Albano
and Vidoni, Renato},
title={Trajectory Planning in Robotics},
journal={Mathematics in Computer Science},
year={2012},
month={Sep},
day={01},
volume={6},
number={3},
pages={269-279},
issn={1661-8289},
doi={10.1007/s11786-012-0123-8},
url={https://doi.org/10.1007/s11786-012-0123-8},
keywords = {bibl}
}

@online{MathWorks_planner,
    title = {Trajectory Planning for Robot Manipulators, Sebastian Castro, MathWorks},  
    url = {https://blogs.mathworks.com/student-lounge/2019/11/06/robot-manipulator-trajectory/},   
    urldate      = {24.03.23 r.},
    keywords = {bibl}
}


@online{MoIt_plan,
    title = {Dokumentacja planerów MoveIt},  
    url = {https://planners-benchmarking.readthedocs.io/en/latest/user_guide/2_motion_planners.html},   
    urldate      = {24.03.23 r.},
    keywords = {bibl}
}


@ARTICLE{8675925,
  author={Véras, Luiz Gustavo D. O. and Medeiros, Felipe L. L. and Guimaráes, Lamartine N. F.},
  journal={IEEE Access}, 
  title={Systematic Literature Review of Sampling Process in Rapidly-Exploring Random Trees}, 
  year={2019},
  volume={7},
  number={},
  pages={50933-50953},
  doi={10.1109/ACCESS.2019.2908100},
  keywords = {bibl}}


  @misc{MiM_wyk,
  author       = "dr inż. Zbigniew Czaja",
  title        = "Mikrokontrolery
i Mikrosystemy, Wykład",
  howpublished = "Gdańsk",
  year         = "2003",
  keywords = {bibl}
}


@online{Pilz_AG,
    title = {Introducing the New Pilz Industrial Motion Planner for MoveIt}, author= {Alex Goldman},
    url = {https://moveit.ros.org/moveit/pilz/motion\%20planner/2020/12/17/Pilz-Plugin-for-MoveIt.html},   
    urldate      = {24.03.23 r.},
    keywords = {bibl}
}

@online{Plan_KDL_LMA,
    title = {Plannery},
    url = {http://docs.ros.org/en/indigo/api/moveit_tutorials/html/doc/pr2_tutorials/kinematics/src/doc/kinematics_configuration.html},   
    urldate      = {24.03.23 r.},
    keywords = {bibl}
}

@online{Controllers,
    title = {Controllers comparision},
    url = {http://wiki.ros.org/ros_control},   
    urldate      = {24.03.23 r.},
    keywords = {bibl}
}


% Images 

@unpublished{own,
  author = "Adrian Winkler, Źródło własne",
  % title  = "",
  keywords = {image}
  % year   = 2006
}


@online{oak,
    % title = {Tekstura drewnianego stolika},
    author= {Tekstura drewnianego stolika},
    url = {https://kosmaz.pl/uploads/shop/product_images/gn_plyta_meblowa_drewnopodobna_dab_odwieczny_d1041_ow.jpg},   
    urldate      = {24.03.23 r.},
    keywords = {image}
}

@online{logo,
    author = {Logo AGH na pokrywie skrzynki z elektroniką robota},
    url = {https://www.agh.edu.pl/home/ckim/multimedia/znak_graficzny/znak_bez_nazwy/agh_znk_wbr_rgb_150ppi.jpg},   
    urldate      = {24.03.23 r.},
    keywords = {image}}



@online{cdo,
    author = {Logo AGH na pokrywie skrzynki z elektroniką robota},
    url = {https://www.agh.edu.pl/home/ckim/multimedia/znak_graficzny/znak_bez_nazwy/agh_znk_wbr_rgb_150ppi.jpg},   
    urldate      = {24.03.23 r.},
    keywords = {code}}

% Załączniki

    @online{ESP_enc_file,
    author = {Skrypt obsługujący enkodery dla ESP8266, "encoders.c"},
    % url = {https://www.agh.edu.pl/home/ckim/multimedia/znak_graficzny/znak_bez_nazwy/agh_znk_wbr_rgb_150ppi.jpg},   
    urldate      = {24.03.23 r.},
    keywords = {atta}}

    @online{Rasp_node_file,
    author = {Węzeł ROS uruchamiany na RPi4B. Subskrybent i publisher, "encoders\_joints.py"},
    % url = {https://www.agh.edu.pl/home/ckim/multimedia/znak_graficzny/znak_bez_nazwy/agh_znk_wbr_rgb_150ppi.jpg},   
    urldate      = {24.03.23 r.},
    keywords = {atta}}

    @online{URDF_file,
    author = {Plik URDF opisujący model robota, "gazebo\_model.c"},
    % url = {https://www.agh.edu.pl/home/ckim/multimedia/znak_graficzny/znak_bez_nazwy/agh_znk_wbr_rgb_150ppi.jpg},   
    urldate      = {24.03.23 r.},
    keywords = {atta}}

    @online{ROS_controller_file,
    author = {Węzeł ROS symulujący kontroler sprzętowy, "controller.cpp"},
    % url = {https://www.agh.edu.pl/home/ckim/multimedia/znak_graficzny/znak_bez_nazwy/agh_znk_wbr_rgb_150ppi.jpg},   
    urldate      = {24.03.23 r.},
    keywords = {atta}}

    @online{PaP_file,
    author = {Węzeł ROS realizujący zadanie $Pick$ $and$ $Place$, "pick\_and\_place.py"},
    % url = {https://www.agh.edu.pl/home/ckim/multimedia/znak_graficzny/znak_bez_nazwy/agh_znk_wbr_rgb_150ppi.jpg},   
    urldate      = {24.03.23 r.},
    keywords = {atta}}

    @online{Cart_file,
    author = {Węzeł ROS realizujacy zadanie przemieszczenia w ukłądzie kartezjańskim, "cartesian.py"},
    % url = {https://www.agh.edu.pl/home/ckim/multimedia/znak_graficzny/znak_bez_nazwy/agh_znk_wbr_rgb_150ppi.jpg},   
    urldate      = {24.03.23 r.},
    keywords = {atta}}

    @online{plot_file,
    author = {Węzeł ROS pobierający aktualny stan robota i zapisujący w pliku .csv, "to\_csv\_file.py"},
    % url = {https://www.agh.edu.pl/home/ckim/multimedia/znak_graficzny/znak_bez_nazwy/agh_znk_wbr_rgb_150ppi.jpg},   
    urldate      = {24.03.23 r.},
    keywords = {atta}}

    @online{movie_file,
    author = {Nagranie ukazujące realizację przez robot zadania $Pick$ $and$ $Place$, "pick\_and\_place.mp4"},
    % url = {https://www.agh.edu.pl/home/ckim/multimedia/znak_graficzny/znak_bez_nazwy/agh_znk_wbr_rgb_150ppi.jpg},   
    urldate      = {24.03.23 r.},
    keywords = {atta}}


    @online{latex_code,
    title={Szablon pracy dyplomowej},
    author = {P. Kłeczek, G. J. Nalepa, M. Szpyrka},
    url = {    https://github.com/pkleczek-agh/aghdpl.git},   
    urldate      = {24.03.23 r.},
    keywords = {code}}

    @online{seife_code,
    title={Model mydła dla Gazebo},
    author = {Chao Yao},
    url = {    https://github.com/leonhartyao/gazebo_models_worlds_collection.git},   
    urldate      = {24.03.23 r.},
    keywords = {code}}